@ARTICLE{kcorrect,
       author = {{Hogg}, David W. and {Baldry}, Ivan K. and {Blanton}, Michael R. and {Eisenstein}, Daniel J.},
        title = "{The K correction}",
      journal = {arXiv},
         year = 2002,
       volume = {astro-ph/0210394},
 primaryClass = {astro-ph},
       adsurl = {https://ui.adsabs.harvard.edu/abs/2002astro.ph.10394H},
      adsnote = {Provided by the SAO/NASA Astrophysics Data System}
}

@ARTICLE{distances,
       author = {{Hogg}, David W.},
        title = "{Distance measures in cosmology}",
      journal = {arXiv},
         year = 1999,
       volume = {astro-ph/9905116},
       adsurl = {https://ui.adsabs.harvard.edu/abs/1999astro.ph..5116H},
      adsnote = {Provided by the SAO/NASA Astrophysics Data System}
}

@BOOK{hearnshaw,
       author = {{Hearnshaw}, J.~B.},
        title = "{The Measurement of Starlight: Two Centuries of Astronomical Photometry}",
         year = 1996,
    publisher = {Cambridge},
         isbn = 0521403936
}

@ARTICLE{ab,
       author = {{Oke}, J.~B. and {Gunn}, J.~E.},
        title = "{Secondary standard stars for absolute spectrophotometry.}",
      journal = {The Astrophysical Journal},
     keywords = {Reference Stars, Spectral Energy Distribution, Stellar Spectrophotometry, Subdwarf Stars, Calibrating, Line Spectra, Astronomy},
         year = 1983,
        month = mar,
       volume = {266},
        pages = {713-717},
          doi = {10.1086/160817},
       adsurl = {https://ui.adsabs.harvard.edu/abs/1983ApJ...266..713O},
      adsnote = {Provided by the SAO/NASA Astrophysics Data System}
}

